
 JOURNAL ABBREVIATIONS

@STRING{AMS 	= "Amer.\ Meteor.\ Soc."}
@STRING{AGU 	= "Amer.\ Geophys.\ Union"}
@STRING{AIP 	= "Amer. Inst. Phys."}
@STRING{ADGEO     = "Adv.\ Geosci."}
@STRING{AFM       = "Agric.\ For.\ Meteor."}
@STRING{AM        = "Ann.\ Meteor."}
@STRING{AN        = "Astrophys.\ Norv."}		 Astrophysica Norvegica
@STRING{AO        = "Atmos.--Ocean"}			 Atmosphere--Ocean, published by Canadian Meteorological Society (CMOS)
@STRING{AR        = "Atmos.\ Res."}			 Atmospheric Research
@STRING{ARFM      = "Annu.\ Rev.\ Fluid Mech."}
@STRING{AUMET     = "Aust.\ Meteor.\ Mag."}
@STRING{BAMS      = "Bull.\ Amer.\ Meteor.\ Soc."}
@STRING{CAP       = "Contrib.\ Atmos.\ Phys."}
@STRING{CC        = "Climate Change"}       Climate Change 
@STRING{CCH       = "Climatic Change"}			 Climatic Change
@STRING{CDYN      = "Climate Dyn."}
@STRING{CHAOS     = "Chaos"}
@STRING{COL       = "Collier's"}
@STRING{CRS       = "Cont.\ Shelf Res."}
@STRING{DAO       = "Dyn.\ Atmos.\ Oceans"}
@STRING{ECO       = "Ecology"}
@STRING{EI        = "Earth Interact."}
@STRING{GA        = "Geophysica"}			 Geophysica, published by Geophysical Society of Finland 
@STRING{GEOMAG    = "Geophys.\ Mag."}
@STRING{GN        = "Geophys.\ Norv."}			 Geophysica Norvegica
@STRING{GRL       = "Geophys.\ Res.\ Lett."}
@STRING{GEOINT    = "Geofis.\ Int."}			 Geofisica Internacional (Mexican journal -- vols. 3--5 contained proceedings from a hurricane conference
@STRING{GEOPUB    = "Geofys.\ Publ."}
@STRING{GPC       = "Global Planet.\ Change"}
@STRING{HP        = "Health Phys."}
@STRING{IAOP      = "Izv.\ Atmos.\ Ocean.\ Phys.\ (Engl.\ Transl.)"}
@STRING{IJC       = "Int.\ J.\ Climatol."}
@STRING{JAM       = "J.\ Appl.\ Meteor."}		 renamed to name below in 2006
@STRING{JAMC      = "J.\ Appl.\ Meteor.\ Climatol."}  	 Journal of Applied Meteorology and Climatology (this journal used to be called the Journal of Applied Meteorology before 2006)
@STRING{JAS       = "J.\ Atmos.\ Sci."}
@STRING{JAOT      = "J.\ Atmos.\ Oceanic Technol."}
@STRING{JCAM      = "J.\ Climate Appl.\ Meteor."}	 from 1983--87, now JAMC
@STRING{JCLI      = "J.\ Climate"}
@STRING{JCR       = "J.\ Coastal Res."}
@STRING{JFM       = "J.\ Fluid\ Mech."}
@STRING{JEM       = "J.\ Eng.\ Math."}			 Journal of Engineering Mathematics
@STRING{JGR       = "J.\ Geophys.\ Res."}
@STRING{JHM       = "J.\ Hydrometeor."}
@STRING{JMS       = "J.\ Mar.\ Syst."}
@STRING{JM        = "J.\ Meteor."}
@STRING{JMR       = "J.\ Mar.\ Res."}
@STRING{JMSJ      = "J.\ Meteor.\ Soc.\ Japan"}
@STRING{JPO       = "J.\ Phys.\ Oceanogr."}
@STRING{JOCEAN    = "J.\ Oceanogr."}			 Journal of Oceanography
@STRING{JOSJ      = "J.\ Oceanogr.\ Soc.\ Japan"}
@STRING{JSE       = "J.\ Struct.\ Eng."}	 Journal of Structural Engineering at ASCE
@STRING{JTM       = "J.\ Tropical Meteor."}
@STRING{JWEIA     = "J.\ Wind Eng.\ Ind.\ Aerodyn."}
@STRING{MA        = "Meteor.\ Appl."}
@STRING{MAP       = "Meteor.\ Atmos.\ Phys."}
@STRING{METMON    = "Meteor.\ Monogr."}
@STRING{METZEIT   = "Meteor.\ Z."}
@STRING{MWL       = "Mar.\ Wea.\ Log"}
@STRING{MWR       = "Mon.\ Wea.\ Rev."}
@STRING{NAT       = "Nature"}
@STRING{NHR       = "Nat.\ Hazards Rev."}
@STRING{NWD       = "Natl.\ Weather Dig."}
@STRING{OA        = "Oceanol. Aeta"}
@STRING{OCEAN     = "Oceanography"}                	 a quarterly journal of The Oceanography Society
@STRING{PAG       = "Pure Appl.\ Geophys."}
@STRING{PF        = "Phys.\ Fluids"}
@STRING{PHYSD     = "Physica D"}
@STRING{PMG       = "Pap.\ Meteor.\ Geophys."}	 Papers in Meteorology and Geophysics
@STRING{PNAS      = "Proc.\ Natl.\ Acad.\ Sci.\ (USA)"}
@STRING{PRE       = "Phys.\ Rev.\ E"}
@STRING{PRSA      = "Proc.\ Roy.\ Soc."}
@STRING{PT        = "Phys.\ Today"}
@STRING{PTRS      = "Philos.\ Trans.\ Roy.\ Soc.\ London"}
@STRING{QJRMS     = "Quart.\ J.\ Roy.\ Meteor.\ Soc."}
@STRING{RGEO      = "Rev. Geophys."}
@STRING{SCI       = "Science"}
@STRING{SOLA      = "SOLA"}				 Scientific Online Letters on the Atmosphere
@STRING{TAGU      = "Eos, Trans.\ Amer.\ Geophys.\ Union"}
@STRING{TELLUS    = "Tellus"}
@STRING{TCFD      = "Theor.\ Comput.\ Fluid Dyn."}
@STRING{WEA       = "Weather"}
@STRING{WW        = "Weatherwise"}
@STRING{WF        = "Wea.\ Forecasting"}
@STRING{WMOB      = "WMO Bull."}

 SAMPLE REFERENCES. Insert your own reference database below the line.

@article{Warner_2005,
  title={Performance of four turbulence closure models implemented using a generic length scale method},
  author={Warner, John C and Sherwood, Christopher R and Arango, Hernan G and Signell, Richard P},
  journal={Ocean Modelling},
  volume={8},
  number={1-2},
  pages={81--113},
  year={2005},
  publisher={Elsevier},
  doi={10.1016/j.ocemod.2003.12.003}
}
@article{Kobashi_2020,
  title={Reproducibility and variability of submesoscale frontal eddies on a broad, low-energy shelf of freshwater influence},
  author={Kobashi, Daijiro and Hetland, Robert},
  journal={Ocean Dynamics},
  volume={70},
  number={11},
  pages={1377--1395},
  year={2020},
  publisher={Springer},
  doi={10.1007/s10236-020-01401-4}
}
@article{Haidvogel_2008,
  title={Ocean forecasting in terrain-following coordinates: Formulation and skill assessment of the Regional Ocean Modeling System},
  author={Dale B. Haidvogel and Hernan G. Arango and W. P. Budgell and Bruce D. Cornuelle and Enrique N. Curchitser and E. Di Lorenzo and Katja Fennel and W. R. Geyer and Albert J. Hermann and L. Lanerolle and Julia Levin and James C. McWilliams and Arthur J. Miller and Andrew M. Moore and Thomas M. Powell and Alexander F. Shchepetkin and Christopher R. Sherwood and Richard P. Signell and John C. Warner and John Wilkin},
  journal={Journal of computational physics},
  volume={227},
  number={7},
  pages={3595--3624},
  year={2008},
  publisher={Elsevier},
  doi = {10.1016/j.jcp.2007.06.016}
}
@article{Zhang_2012_numerical,
  title={A numerical investigation of the {Mississippi} and {Atchafalaya} freshwater transport, filling and flushing times on the {Texas-Louisiana} Shelf},
  author={Zhang, Xiaoqian and Hetland, Robert D and Marta-Almeida, Martinho and DiMarco, Steven F},
  journal={Journal of Geophysical Research: Oceans},
  volume={117},
  number={C11},
  year={2012},
  publisher={Wiley Online Library},
  doi = {10.1029/2012jc008108}
}
@article{Burchard_2008,
  title={Comparative quantification of physically and numerically induced mixing in ocean models},
  author={Burchard, Hans and Rennau, Hannes},
  journal={Ocean Modelling},
  volume={20},
  number={3},
  pages={293--311},
  year={2008},
  publisher={Elsevier},
  doi={10.1016/j.ocemod.2007.10.003}
}
@article{Burchard_2019,
  title={Mixing estimates for estuaries},
  author={Burchard, Hans and Lange, Xaver and Klingbeil, Knut and MacCready, Parker},
  journal={Journal of Physical Oceanography},
  volume={49},
  number={2},
  pages={631--648},
  year={2019},
  doi={10.1175/jpo-d-18-0147.1}
}
@article{MacCready_2011,
  title={Calculating estuarine exchange flow using isohaline coordinates},
  author={MacCready, Parker},
  journal={Journal of Physical Oceanography},
  volume={41},
  number={6},
  pages={1116--1124},
  year={2011},
  doi={10.1175/2011jpo4517.1}
}
@article{MacCready_2018,
  title={Estuarine exchange flow is related to mixing through the salinity variance budget},
  author={MacCready, Parker and Geyer, W Rockwell and Burchard, Hans},
  journal={Journal of Physical Oceanography},
  volume={48},
  number={6},
  pages={1375--1384},
  year={2018},
  doi={10.1175/jpo-d-17-0266.1}
}
@article{Li_2018,
  title={The transformation of salinity variance: A new approach to quantifying the influence of straining and mixing on estuarine stratification},
  author={Li, X. and Geyer, W Rockwell and Zhu, Jianrong and Wu, Hui},
  journal={Journal of Physical Oceanography},
  doi={10.1175/jpo-d-17-0189.1},
  volume={48},
  number={3},
  pages={607--623},
  year={2018},
  publisher={American Meteorological Society}
}
doi={10.5194/os-15-601-2019}
@article{Lorenz_2019,
  title={Numerical issues of the Total Exchange Flow (TEF) analysis framework for quantifying estuarine circulation},
  author={Lorenz, Marvin and Klingbeil, Knut and MacCready, Parker and Burchard, Hans},
  journal={Ocean Science},
  volume={15},
  number={3},
  pages={601--614},
  year={2019},
  publisher={Copernicus},
  doi={10.5194/os-15-601-2019}
}
@article{Lorenz_2021,
  title={Impact of evaporation and precipitation on estuarine mixing},
  author={Lorenz, Marvin and Klingbeil, Knut and Burchard, Hans},
  journal={Journal of Physical Oceanography},
  volume={51},
  number={4},
  pages={1319--1333},
  year={2021},
  doi={10.1175/jpo-d-20-0158.1},
}
doi={10.1016/j.oceaneng.2021.108588}
@article{Wang_2021,
  title={Quantification of numerical mixing in coastal ocean models through an offline method},
  author={Wang, Tao and Wei, Zexun and Jiang, Wensheng and Xu, Tengfei and Chen, Jia-Lin and Bian, Changwei},
  journal={Ocean Engineering},
  volume={222},
  pages={108588},
  year={2021},
  publisher={Elsevier},
  doi={10.1016/j.oceaneng.2021.108588}
}
@article{Qu_2021,
  title={Near-inertial-wave critical layers over sloping bathymetry},
  author={Qu, Lixin and Thomas, Leif N and Hetland, Robert D},
  journal={Journal of Physical Oceanography},
  volume={51},
  number={6},
  pages={1737--1756},
  year={2021},
  doi = {10.1175/jpo-d-20-0221.1}
}
@article{Wang_2017,
  title={Total exchange flow, entrainment, and diffusive salt flux in estuaries},
  author={Wang, Tao and Geyer, W Rockwell and MacCready, Parker},
  journal={Journal of Physical Oceanography},
  volume={47},
  number={5},
  pages={1205--1220},
  year={2017},
  doi={10.1175/jpo-d-16-0258.1}
}
@article{DiMarco_1998,
  title={Characterization of the principal tidal current constituents on the {Texas-Louisiana} shelf},
  author={DiMarco, Steven F and Reid, Robert O},
  journal={Journal of Geophysical Research: Oceans},
  volume={103},
  number={C2},
  pages={3093--3109},
  year={1998},
  publisher={Wiley Online Library},
  doi={10.1029/97jc03289}
}
@article{Dee_2011,
  title={The {ERA-Interim} reanalysis: {Configuration} and performance of the data assimilation system},
  author={Dick Dee and S. Uppala and Adrian Simmons and Paul Berrisford and Paul Poli and S. Kobayashi and Shinya Kobayashi and Ulf Andrae and Magdalena Balmaseda and Gianpaolo Balsamo and Peter Bauer and Peter Bechtold and Anton Beljaars and L. van de Berg and Jean Bidlot and Niels Bormann and C. Delsol and Rossana Dragani and M. Fuentes and Alan J. Geer and Leopold Haimberger and S. B. Healy and Hans Hersbach and E. Hólm and Lars Isaksen and P. Kållberg and Martin Köhler and Marco Matricardi and A. P. McNally and B. M. Monge-Sanz and Jean-Jacques Morcrette and B.-K. Park and Carole Peubey and P. de Rosnay and Christina Tavolato and Jean-Noël Thépaut and Jean-Noël Thépaut and Jean-Noël Thépaut and Frederic Vitart},
  doi={10.1002/qj.828},
  journal={Quarterly Journal of the Royal Meteorological Society},
  year={2011},
}
@article{Xomchuk_2020,
  title={Small-Scale Variability of Bottom Oxygen in the Northern {Gulf of Mexico}},
  author={Ruiz-Xomchuk, Veronica and Hetland, Robert and Qu, Lixin},
  journal={Journal of Geophysical Research: Oceans},
  volume={126},
  number={1},
  pages={e2020JC016279},
  year={2021},
  publisher={Wiley Online Library},
  doi={10.1029/2020jc016279}
}
@article{Stefan_1993,
  title={Stream temperature estimation from air temperature 1},
  author={Stefan, Heinz G and Preud'homme, Eric B},
  journal={Journal of the American Water Resources Association},
  volume={29},
  number={1},
  pages={27--45},
  year={1993},
  publisher={Wiley Online Library},
  doi={10.1111/j.1752-1688.1993.tb01502.x}
}
@article{Smolarkiewicz_1998,
  title={{MPDATA}: A finite-difference solver for geophysical flows},
  author={Smolarkiewicz, Piotr K and Margolin, Len G},
  journal={Journal of Computational Physics},
  volume={140},
  number={2},
  pages={459--480},
  year={1998},
  publisher={Elsevier},
  doi={10.1006/jcph.1998.5901}
}
@article{Lorenz_2020,
  title={Numerical study of the exchange flow of the {Persian Gulf} using an extended total exchange flow analysis framework},
  author={Lorenz, Marvin and Klingbeil, Knut and Burchard, Hans},
  journal={Journal of Geophysical Research: Oceans},
  volume={125},
  number={2},
  pages={e2019JC015527},
  year={2020},
  publisher={Wiley Online Library},
  doi={10.1029/2019jc015527}
}
@article{Kalra_2019,
  title={Comparison of physical to numerical mixing with different tracer advection schemes in estuarine environments},
  author={Kalra, Tarandeep S and Li, Xiangyu and Warner, John C and Geyer, Wayne R and Wu, Hui},
  journal={Journal of Marine Science and Engineering},
  volume={7},
  number={10},
  pages={338},
  year={2019},
  publisher={MDPI},
  doi={10.3390/jmse7100338}
}
@article{Ralston_2017,
  title={Turbulent and numerical mixing in a salt wedge estuary: Dependence on grid resolution, bottom roughness, and turbulence closure},
  author={Ralston, David K and Cowles, Geoffrey W and Geyer, W Rockwell and Holleman, Rusty C},
  journal={Journal of Geophysical Research: Oceans},
  volume={122},
  number={1},
  pages={692--712},
  year={2017},
  publisher={Wiley Online Library},
  doi={10.1002/2016jc011738}
}
@article{Klingbeil_2014,
  title={Quantification of spurious dissipation and mixing--Discrete variance decay in a Finite-Volume framework},
  author={Klingbeil, Knut and Mohammadi-Aragh, Mahdi and Gr{\"a}we, Ulf and Burchard, Hans},
  journal={Ocean Modelling},
  volume={81},
  pages={49--64},
  year={2014},
  publisher={Elsevier},
  doi={10.1016/j.ocemod.2014.06.001}
}
@article{Griffies_2000,
  title={Spurious diapycnal mixing associated with advection in a z-coordinate ocean model},
  author={Griffies, Stephen M and Pacanowski, Ronald C and Hallberg, Robert W},
  journal={Monthly Weather Review},
  volume={128},
  number={3},
  pages={538--564},
  year={2000},
  doi={10.1175/1520-0493(2000)128<0538:sdmawa>2.0.co;2}
}
@article{Hetland_2005,
  title={Relating river plume structure to vertical mixing},
  author={Hetland, Robert D},
  journal={Journal of Physical Oceanography},
  volume={35},
  number={9},
  pages={1667--1688},
  year={2005},
  doi={10.1175/jpo2774.1}
}
@article{Wang_2018,
  title={The balance of salinity variance in a partially stratified estuary: Implications for exchange flow, mixing, and stratification},
  author={Wang, Tao and Geyer, W Rockwell},
  journal={Journal of Physical Oceanography},
  volume={48},
  number={12},
  pages={2887--2899},
  year={2018},
  doi={10.1175/jpo-d-18-0032.1}
}
@article{Nurser_2004,
  title={Isopycnal averaging at constant height. {Part I}: The formulation and a case study},
  author={Nurser, AJ George and Lee, Mei-Man},
  journal={Journal of physical oceanography},
  volume={34},
  number={12},
  pages={2721--2739},
  year={2004},
  doi={10.1175/jpo2649.1}
}
@article{Barkan_2017,
  title={Submesoscale Dynamics in the Northern {Gulf} of {Mexico}. {Part I}: Regional and Seasonal Characterization and the Role of River Outflow},
  author={Barkan, Roy and McWilliams, James C and Shchepetkin, Alexander F and Molemaker, M Jeroen and Renault, Lionel and Bracco, Annalisa and Choi, Jun},
  journal={Journal of Physical Oceanography},
  volume={47},
  number={9},
  pages={2325--2346},
  year={2017},
  doi={10.1175/jpo-d-17-0035.1}
}
@article{Capet_2008,
  title={Mesoscale to submesoscale transition in the {California Current} System. {Part I}: Flow structure, eddy flux, and observational tests},
  author={Capet, Xavier and McWilliams, JAMES C and Molemaker, M JEROEN and Shchepetkin, Alexander F},
  journal={Journal of physical oceanography},
  volume={38},
  number={1},
  pages={29--43},
  year={2008},
  doi={10.1175/2007jpo3671.1}
}
@article{Burchard_2020,
  title={A universal law of estuarine mixing},
  author={Burchard, Hans},
  journal={Journal of Physical Oceanography},
  volume={50},
  number={1},
  pages={81--93},
  year={2020},
  doi={10.1175/jpo-d-19-0014.1}
}
@article{Arakawa_1977,
  title={Computational design of the basic dynamical processes of the {UCLA} general circulation model},
  author={Arakawa, Akio and Lamb, Vivian R},
  journal={General circulation models of the atmosphere},
  volume={17},
  number={Supplement C},
  pages={173--265},
  year={1977},
  publisher={Methods in computational Physics},
  doi={10.1175/jpo-d-20-0080.1}
}
@article{Thomas_2013,
  title={Symmetric instability in the {Gulf Stream}},
  author={Thomas, Leif N and Taylor, John R and Ferrari, Raffaele and Joyce, Terrence M},
  journal={Deep Sea Research Part II: Topical Studies in Oceanography},
  volume={91},
  pages={96--110},
  year={2013},
  publisher={Elsevier},
  doi={10.1016/j.dsr2.2013.02.025}
}
@article{Holmes_2021,
  title={The geography of numerical mixing in a suite of global ocean models},
  author={Holmes, Ryan M and Zika, Jan D and Griffies, Stephen M and Hogg, A McC and Kiss, Andrew E and England, Matthew H},
  journal={Journal of Advances in Modeling Earth Systems},
  volume={13},
  number={7},
  pages={e2020MS002333},
  year={2021},
  publisher={Wiley Online Library},
  doi={10.1029/2020ms002333}
}
@article{Rennau_2009,
  title={Quantitative analysis of numerically induced mixing in a coastal model application},
  author={Rennau, Hannes and Burchard, Hans},
  journal={Ocean Dynamics},
  volume={59},
  number={5},
  pages={671--687},
  year={2009},
  publisher={Springer},
  doi={10.1007/s10236-009-0201-x}
}
@article{Hoskins_1972,
  title={Atmospheric Frontogenesis Models: Mathematical Formulation and Solution},
  year={1972},
  author={Brian J. Hoskins and F. P. Bretherton},
  doi={10.1175/1520-0469(1972)029<0011:afmmfa>2.0.co;2},
  pmid={null},
  pmcid={null},
  journal={Journal of the Atmospheric Sciences},
  }
@article{McWilliams_2016,
  title={Submesoscale currents in the ocean},
  author={McWilliams, James C},
  journal={Proceedings of the Royal Society A: Mathematical, Physical and Engineering Sciences},
  volume={472},
  number={2189},
  pages={20160117},
  year={2016},
  publisher={The Royal Society Publishing},
  doi={10.1098/rspa.2016.0117}
}
@article{Shcherbina_2013,
  title={Statistics of vertical vorticity, divergence, and strain in a developed submesoscale turbulence field},
  author={Shcherbina, Andrey Y and D'Asaro, Eric A and Lee, Craig M and Klymak, Jody M and Molemaker, M Jeroen and McWilliams, James C},
  journal={Geophysical Research Letters},
  volume={40},
  number={17},
  pages={4706--4711},
  year={2013},
  publisher={Wiley Online Library},
  doi={10.1002/grl.50919}
}
@article{Ilicak_2012,
  title={Spurious dianeutral mixing and the role of momentum closure},
  author={Il{\i}cak, Mehmet and Adcroft, Alistair J and Griffies, Stephen M and Hallberg, Robert W},
  journal={Ocean Modelling},
  volume={45},
  pages={37--58},
  year={2012},
  publisher={Elsevier},
  doi={10.1016/j.ocemod.2011.10.003}
}
@article{Warner_2010,
  title={Development of a {Coupled Ocean-Atmosphere-Wave-Sediment Transport} ({COAWST}) Modeling System},
  author={Warner, John C and Armstrong, Brandy and He, Ruoying and Zambon, Joseph B},
  journal={Ocean modelling},
  volume={35},
  number={3},
  pages={230--244},
  year={2010},
  publisher={Elsevier},
  doi={10.1016/j.ocemod.2010.07.010}
}
@article{Hetland_2017,
  title={Suppression of baroclinic instabilities in buoyancy-driven flow over sloping bathymetry},
  author={Hetland, Robert D},
  journal={Journal of Physical Oceanography},
  volume={47},
  number={1},
  pages={49--68},
  year={2017},
  doi={10.1175/jpo-d-15-0240.1}
}
@article{Luo_2016,
  title={Submesoscale circulation in the northern {Gulf} of {Mexico}: Surface processes and the impact of the freshwater river input},
  author={Luo, Hao and Bracco, Annalisa and Cardona, Yuley and McWilliams, James C},
  journal={Ocean Modelling},
  volume={101},
  pages={68--82},
  year={2016},
  publisher={Elsevier},
  doi={10.1016/j.ocemod.2016.03.003}
}
@article{Broatch_2022,
  title={Mixing in a salinity variance budget of the {Salish Sea} is controlled by river flow},
  author={Broatch, Erin M and MacCready, Parker},
  journal={Journal of Physical Oceanography},
  year={2022},
  doi={10.1175/jpo-d-21-0227.1}
}
@article{Li_2021,
  title={Calculating salinity variance fluxes using isohaline coordinates},
  author={Li, Linjiang and Zhu, Jianrong and Pareja-Roman, L Fernando},
  journal={Estuarine, Coastal and Shelf Science},
  volume={254},
  pages={107311},
  year={2021},
  publisher={Elsevier},
  doi={10.1016/j.ecss.2021.107311}
}
@article{Warner_2020,
  title={Using Tracer Variance Decay to Quantify Variability of Salinity Mixing in the {Hudson} {River} Estuary},
  author={Warner, John C and Geyer, W Rockwell and Ralston, David K and Kalra, Tarandeep},
  journal={Journal of Geophysical Research: Oceans},
  volume={125},
  number={12},
  pages={e2020JC016096},
  year={2020},
  publisher={Wiley Online Library}
}
@article{Qu_2022_box,
  title={Mixing pathways in simple box models},
  author={Qu, Lixin and Hetland, Robert D and Schlichting, Dylan},
  journal={Journal of Physical Oceanography},
  volume={52},
  number={11},
  pages={2761--2772},
  year={2022},
  doi={10.1175/jpo-d-22-0074.1}
}
@article{Qu_2022_NIW,
  title={Mixing driven by critical reflection of near-inertial waves over the {Texas-Louisiana} shelf},
  author={Qu, Lixin and Thomas, Leif N and Hetland, Robert D and Kobashi, Daijiro},
  journal={Journal of Physical Oceanography},
  volume={52},
  number={11},
  pages={2891--2906},
  year={2022},
  doi={10.1175/jpo-d-22-0004.1}
}
@article{Nash_2002,
  title={Microstructure estimates of turbulent salinity flux and the dissipation spectrum of salinity},
  author={Nash, Jonathan D and Moum, James N},
  journal={Journal of physical oceanography},
  volume={32},
  number={8},
  pages={2312--2333},
  year={2002},
  doi={10.1175/1520-0485(2002)032<2312:meotsf>2.0.co;2}
}
@article{Burchard_2009,
  title={Model simulations of dense bottom currents in the {Western Baltic Sea}},
  author={Burchard, Hans and Janssen, Frank and Bolding, Karsten and Umlauf, Lars and Rennau, Hannes},
  journal={Continental Shelf Research},
  volume={29},
  number={1},
  pages={205--220},
  year={2009},
  publisher={Elsevier},
  doi={10.1016/j.csr.2007.09.010}
}
@article{Smolarkiewicz_1983,
  title={A simple positive definite advection scheme with small implicit diffusion},
  author={Smolarkiewicz, Piotr K},
  journal={Monthly weather review},
  volume={111},
  number={3},
  pages={479--486},
  year={1983},
  doi={10.1175/1520-0493(1983)111<0479:aspdas>2.0.co;2}
}
@article{osborn1972oceanic,
  title={Oceanic fine structure},
  author={Osborn, Thomas R and Cox, Charles S},
  journal={Geophysical Fluid Dynamics},
  volume={3},
  number={4},
  pages={321--345},
  year={1972},
  publisher={Taylor \& Francis},
  doi = {10.1080/03091927208236085}
}
@article{shchepetkin2005regional,
  title={The {Regional} {Oceanic} {Modeling} {System} ({ROMS}): {A} split-explicit, free-surface, topography-following-coordinate oceanic model},
  author={Shchepetkin, Alexander F and McWilliams, James C},
  journal={Ocean modelling},
  volume={9},
  number={4},
  pages={347--404},
  year={2005},
  publisher={Elsevier},
  doi = {10.1016/j.ocemod.2004.08.002}
}
@article{MacCready_2016,
  title={The mechanical energy budget of a regional ocean model},
  author={MacCready, Parker and Giddings, Sarah N},
  journal={Journal of Physical Oceanography},
  volume={46},
  number={9},
  pages={2719--2733},
  year={2016},
  publisher={American Meteorological Society},
  doi={10.1175/jpo-d-16-0086.1}
}
@article{maccready2021estuarine,
  title={Estuarine circulation, mixing, and residence times in the Salish Sea},
  author={MacCready, Parker and McCabe, Ryan M and Siedlecki, Samantha A and Lorenz, Marvin and Giddings, Sarah Nicole and Bos, Julia and Albertson, Skip and Banas, NS and Garnier, Soizic},
  journal={Journal of Geophysical Research: Oceans},
  volume={126},
  number={2},
  pages={e2020JC016738},
  year={2021},
  publisher={Wiley Online Library},
  doi = {10.1029/2020JC016738}
}
@article{qu2022rapid,
  title={Rapid vertical exchange at fronts in the Northern {Gulf} of {Mexico}},
  author={Qu, Lixin and Thomas, Leif N and Wienkers, Aaron F and Hetland, Robert D and Kobashi, Daijiro and Taylor, John R and Hsu, Fucent Hsuan Wei and MacKinnon, Jennifer A and Shearman, R Kipp and Nash, Jonathan D},
  journal={Nature communications},
  volume={13},
  number={1},
  pages={1--11},
  year={2022},
  publisher={Nature Publishing Group}, 
  doi = {10.1038/s41467-022-33251-7}
}
@article{roullet2000salt,
  title={Salt conservation, free surface, and varying levels: a new formulation for ocean general circulation models},
  author={Roullet, Guillaume and Madec, Gurvan},
  journal={Journal of Geophysical Research: Oceans},
  volume={105},
  number={C10},
  pages={23927--23942},
  year={2000},
  publisher={Wiley Online Library},
  doi = {10.1029/2000JC900089}
}
@article{umlauf2003extending,
  title={Extending the k--$\omega$ turbulence model towards oceanic applications},
  author={Umlauf, L and Burchard, H and Hutter, K},
  journal={Ocean Modelling},
  volume={5},
  number={3},
  pages={195--218},
  year={2003},
  publisher={Elsevier},
  doi = {10.1016/S1463-5003(02)00039-2}
}
@article{ilicak2016quantifying,
  title={Quantifying spatial distribution of spurious mixing in ocean models},
  author={Il{\i}cak, Mehmet},
  journal={Ocean Modelling},
  volume={108},
  pages={30--38},
  year={2016},
  publisher={Elsevier},
  doi = {10.1016/j.ocemod.2016.11.002}
}
@article{mcdougall1987thermobaricity,
  title={Thermobaricity, cabbeling, and water-mass conversion},
  author={McDougall, Trevor J},
  journal={Journal of Geophysical Research: Oceans},
  volume={92},
  number={C5},
  pages={5448--5464},
  year={1987},
  publisher={Wiley Online Library},
  doi = {10.1029/JC092iC05p05448}
}
@article{gibson2017attribution,
  title={Attribution of horizontal and vertical contributions to spurious mixing in an Arbitrary {Lagrangian--Eulerian} ocean model},
  author={Gibson, Angus H and Hogg, Andrew McC and Kiss, Andrew E and Shakespeare, Callum J and Adcroft, Alistair},
  journal={Ocean Modelling},
  volume={119},
  pages={45--56},
  year={2017},
  publisher={Elsevier},
  doi = {10.1016/j.ocemod.2017.09.008}
}
@article{redi1982oceanic,
  title={Oceanic isopycnal mixing by coordinate rotation},
  author={Redi, Martha H},
  journal={Journal of Physical Oceanography},
  volume={12},
  number={10},
  pages={1154--1158},
  year={1982},
  doi = {10.1175/1520-0485(1982)012<1154:OIMBCR>2.0.CO;2}
}
@article{griffies1998isoneutral,
  title={Isoneutral diffusion in a z-coordinate ocean model},
  author={Griffies, Stephen M and Gnanadesikan, Anand and Pacanowski, Ronald C and Larichev, Vitaly D and Dukowicz, John K and Smith, Richard D},
  journal={Journal of Physical Oceanography},
  volume={28},
  number={5},
  pages={805--830},
  year={1998},
  doi = {10.1175/1520-0485(1998)028<0805:IDIAZC>2.0.CO;2}
}
@article{geyer2014estuarine,
  title={The estuarine circulation},
  author={Geyer, W Rockwell and MacCready, Parker},
  journal={Annu. Rev. Fluid Mech},
  volume={46},
  number={1},
  pages={175--197},
  year={2014},
  doi = {10.1146/annurev-fluid-010313-141302}
}
@article{Lemagie_2022,
  title={Measuring Estuarine Total Exchange Flow from Discrete Observations},
  year={2022},
  author={Emily Lemagie and Sarah N. Giddings and Parker MacCready and Charles Seaton and Xiaodong Wu},
  doi={10.1029/2022jc018960},
  journal={Journal Of Geophysical Research: Oceans}}
@article{megann2018estimating,
  title={Estimating the numerical diapycnal mixing in an eddy-permitting ocean model},
  author={Megann, Alex},
  journal={Ocean Modelling},
  volume={121},
  pages={19--33},
  year={2018},
  publisher={Elsevier},
  doi = {10.1016/j.ocemod.2017.11.001}
}
@article{lee2002spurious,
  title={Spurious diapycnal mixing of the deep waters in an eddy-permitting global ocean model},
  author={Lee, Mei-Man and Coward, Andrew C and Nurser, AJ George},
  journal={Journal of physical oceanography},
  volume={32},
  number={5},
  pages={1522--1535},
  year={2002},
  doi = {10.1175/1520-0485(2002)032<1522:SDMOTD>2.0.CO;2}
}
@software{xroms,
    title = {xoceanmodel/xroms: v0.1 [software]},
    author = {Thyng, Kristen and Hetland, Robert D and Filipe, F. and Ruiz-Xomchuck, R.},
    year = {2022},
    doi = {10.5281/zenodo.6885972},
    publisher = {Zenodo}
    }
@article{barkan2017submesoscalepart2,
  title={Submesoscale dynamics in the northern {Gulf} of {Mexico}. {Part} {II}: Temperature--salinity relations and cross-shelf transport processes},
  author={Barkan, Roy and McWilliams, James C and Molemaker, M Jeroen and Choi, Jun and Srinivasan, Kaushik and Shchepetkin, Alexander F and Bracco, Annalisa},
  journal={Journal of Physical Oceanography},
  volume={47},
  number={9},
  pages={2347--2360},
  year={2017},
  doi = {10.1175/JPO-D-17-0040.1}
}
@article{nagy2020regional,
  title={A regional operational model for the {North East} {Atlantic}: Model configuration and validation},
  author={Nagy, Hazem and Lyons, Kieran and Nolan, Glenn and Cure, Marcel and Dabrowski, Tomasz},
  journal={Journal of Marine Science and Engineering},
  volume={8},
  number={9},
  pages={673},
  year={2020},
  publisher={MDPI},
  doi = {10.3390/jmse8090673}
}
@article{zhang2009near,
  title={Near-resonant ocean response to sea breeze on a stratified continental shelf},
  author={Zhang, Xiaoqian and DiMarco, Steven F and Smith, David C and Howard, Matthew K and Jochens, Ann E and Hetland, Robert D},
  journal={Journal of Physical Oceanography},
  volume={39},
  number={9},
  pages={2137--2155},
  year={2009},
  publisher={American Meteorological Society},
  doi = {10.1175/2009JPO4054.1}
}
@article{winters1995available,
  title={Available potential energy and mixing in density-stratified fluids},
  author={Winters, Kraig B and Lombard, Peter N and Riley, James J and D'Asaro, Eric A},
  journal={Journal of Fluid Mechanics},
  volume={289},
  pages={115--128},
  year={1995},
  publisher={Cambridge University Press}
}
@software{abernathey_ryan_p_2022_6643579,
  author       = {Abernathey, Ryan P. and
                  Busecke, Julius J. M. and
                  Smith, Timothy Andrew and
                  Deauna, Josephine Dianne and
                  Banihirwe, Anderson and
                  Nicholas, Thomas and
                  Fernandes, Filipe and
                  James, Bourbeau and
                  Dussin, Raphael and
                  Cherian, Deepak A. and
                  Caneill, Romain and
                  Sinha, Anirban and
                  Uieda, Leonardo and
                  Rath, Willi and
                  Balwada, Dhruv and
                  Constantinou, Navid C. and
                  Ponte, Aurélien and
                  Zhou, Yuxin and
                  Uchida, Takaya and
                  Thielen, Jon},
  title        = {xgcm: v0.8.1 [software]},
  year         = 2022,
  publisher    = {Zenodo},
  version      = {v0.8.0},
  doi          = {10.5281/zenodo.6643579},
}
@software{hoyer_stephan_2021_5771208,
  author       = {Hoyer, Stephan and
                  Roos, Maximilian and
                  Joseph, Hamman and
                  Magin, Justus and
                  Cherian, Deepak and
                  Fitzgerald, Clark and
                  Hauser, Mathias and
                  Fujii, Keisuke and
                  Maussion, Fabien and
                  Imperiale, Guido and
                  Clark, Spencer and
                  Kleeman, Alex and
                  Nicholas, Thomas and
                  Kluyver, Thomas and
                  Westling, Jimmy and
                  Munroe, James and
                  Amici, Alessandro and
                  Barghini, Aureliana and
                  Banihirwe, Anderson and
                  Bell, Ray and
                  Hatfield-Dodds, Zac and
                  Abernathey, Ryan and
                  Bovy, Benoît and
                  Omotani, John and
                  Mühlbauer, Kai and
                  Roszko, Maximilian K. and
                  Wolfram, Phillip J.},
  title        = {xarray: v0.20.2 [software]},
  year         = 2021,
  publisher    = {Zenodo},
  version      = {v0.20.2},
  doi          = {10.5281/zenodo.5771208},
}

@article{hofmeister2011realistic,
  title={Realistic modelling of the exceptional inflows into the central {Baltic Sea} in 2003 using terrain-following coordinates},
  author={Hofmeister, Richard and Beckers, Jean-Marie and Burchard, Hans},
  journal={Ocean Modelling},
  volume={39},
  number={3-4},
  pages={233--247},
  year={2011},
  publisher={Elsevier},
  doi = {10.1016/j.ocemod.2011.04.007}
}
@article{Fringer_2019,
  title={The future of coastal and estuarine modeling: Findings from a workshop},
  author={Fringer, Oliver B and Dawson, Clint N and He, Ruoying and Ralston, David K and Zhang, Y Joseph},
  journal={Ocean Modelling},
  volume={143},
  pages={101458},
  year={2019},
  publisher={Elsevier},
  doi = {10.1016/j.ocemod.2019.101458}
}
@article{Zhang_2012_forecast,
  title={A high-resolution pre-operational forecast model of circulation on the {Texas-Louisiana} continental shelf and slope},
  author={Zhang, X and Marta-Almeida, M and Hetland, Robert D},
  journal={Journal of Operational Oceanography},
  volume={5},
  number={1},
  pages={19--34},
  year={2012},
  publisher={Taylor \& Francis},
  doi = {10.1080/1755876X.2012.11020129}
}
@article{shchepetkin1998quasi,
  title={Quasi-monotone advection schemes based on explicit locally adaptive dissipation},
  author={Shchepetkin, Alexander F and McWilliams, James C},
  journal={Monthly weather review},
  volume={126},
  number={6},
  pages={1541--1580},
  year={1998},
  publisher={American Meteorological Society},
  doi={10.1175/1520-0493(1998)126<1541:QMASBO>2.0.CO;2}
}
@article{thyng2023seasonal,
  title={Seasonal Alongcoast Connectivity in {Texas} and {Louisiana}},
  author={Thyng, Kristen},
  journal={Estuaries and Coasts},
  volume={46},
  number={1},
  pages={1--11},
  year={2023},
  publisher={Springer},
  doi={10.1007/s12237-022-01118-1}
}
@article{zhang2015processes,
  title={Processes controlling mid-water column oxygen minima over the {Texas-Louisiana} shelf},
  author={Zhang, Wenxia and Hetland, Robert D and DiMarco, Steven F and Fennel, Katja},
  journal={Journal of Geophysical Research: Oceans},
  volume={120},
  number={4},
  pages={2800--2812},
  year={2015},
  publisher={Wiley Online Library},
  doi={10.1002/2014JC010568}
}
@article{fennel2011coupled,
  title={A coupled physical-biological model of the Northern {Gulf of Mexico} shelf: model description, validation and analysis of phytoplankton variability},
  author={Fennel, K and Hetland, R and Feng, Y and DiMarco, S},
  journal={Biogeosciences},
  volume={8},
  number={7},
  pages={1881--1899},
  year={2011},
  publisher={Copernicus Publications G{\"o}ttingen, Germany},
  doi={10.5194/bg-8-1881-2011, 2011}
}
@article{flather1976tidal,
  title={A tidal model of the northwest European continental shelf},
  author={Flather, RA},
  journal={Mem. Soc. Roy. Sci. Liege},
  volume={10},
  pages={141--164},
  year={1976}
}
@article{chapman1985numerical,
  title={Numerical treatment of cross-shelf open boundaries in a barotropic coastal ocean model},
  author={Chapman, David C},
  journal={Journal of Physical oceanography},
  volume={15},
  number={8},
  pages={1060--1075},
  year={1985},
  doi={10.1175/1520-0485(1985)015<1060:NTOCSO>2.0.CO;2}
}
@article{Schlichting23,
    title = {Quantification of physical and numerical mixing in a coastal ocean model using salinity variance budgets},
    author = {Schlichting, D. and Qu, L. and Kobashi, D. and Hetland, R.D.},
    journal = {Journal of Advances in Modeling Earth Systems},
    volume = {15},
    number = {4},
    pages = {e2022MS003380},
    year = {2023},
    doi = {10.1029/2022MS003380}
    }
@article{hoskins1982mathematical,
  title={The mathematical theory of frontogenesis},
  author={Hoskins, Brian J},
  journal={Annual review of fluid mechanics},
  volume={14},
  number={1},
  pages={131--151},
  year={1982},
  publisher={Annual Reviews 4139 El Camino Way, PO Box 10139, Palo Alto, CA 94303-0139, USA}, 
  doi={10.1146/annurev.fl.14.010182.001023}
}
@article{hersbach2020era5,
  title={The ERA5 global reanalysis},
  author={Hersbach, Hans and Bell, Bill and Berrisford, Paul and Hirahara, Shoji and Hor{\'a}nyi, Andr{\'a}s and Mu{\~n}oz-Sabater, Joaqu{\'\i}n and Nicolas, Julien and Peubey, Carole and Radu, Raluca and Schepers, Dinand and others},
  journal={Quarterly Journal of the Royal Meteorological Society},
  volume={146},
  number={730},
  pages={1999--2049},
  year={2020},
  publisher={Wiley Online Library},
  doi={10.1002/qj.3803}
}
@article{fox2019challenges,
  title={Challenges and prospects in ocean circulation models},
  author={Fox-Kemper, Baylor and Adcroft, Alistair and B{\"o}ning, Claus W and Chassignet, Eric P and Curchitser, Enrique and Danabasoglu, Gokhan and Eden, Carsten and England, Matthew H and Gerdes, R{\"u}diger and Greatbatch, Richard J and others},
  journal={Frontiers in Marine Science},
  volume={6},
  pages={65},
  year={2019},
  publisher={Frontiers Media SA},
  doi = {10.3389/fmars.2019.00065}
}
@article{veronis1975role,
  title={The role of models in tracer studies},
  author={Veronis, George},
  journal={Numerical models of ocean circulation},
  pages={133--146},
  year={1975},
  publisher={National Academy of Science}
}
@article{gent2011gent,
  title={The Gent--McWilliams parameterization: 20/20 hindsight},
  author={Gent, Peter R},
  journal={Ocean Modelling},
  volume={39},
  number={1-2},
  pages={2--9},
  year={2011},
  publisher={Elsevier}
}
@article{gent1990isopycnal,
  title={Isopycnal mixing in ocean circulation models},
  author={Gent, Peter R and McWilliams, James C},
  journal={Journal of Physical Oceanography},
  volume={20},
  number={1},
  pages={150--155},
  year={1990}
}
@article{holland1971ocean,
  title={Ocean tracer distributions: Part I. A preliminary numerical experiment},
  author={Holland, William R},
  journal={Tellus},
  volume={23},
  number={4-5},
  pages={371--392},
  year={1971},
  publisher={Wiley Online Library}
}
@article{cox1987isopycnal,
  title={Isopycnal diffusion in a z-coordinate ocean model},
  author={Cox, MD},
  journal={Ocean modelling},
  volume={74},
  pages={1--5},
  year={1987}
}
@article{barkan2019role,
  title={The role of horizontal divergence in submesoscale frontogenesis},
  author={Barkan, Roy and Molemaker, M Jeroen and Srinivasan, Kaushik and McWilliams, James C and D’Asaro, Eric A},
  journal={Journal of Physical Oceanography},
  volume={49},
  number={6},
  pages={1593--1618},
  year={2019},
  doi={10.1175/JPO-D-18-0162.1},
}
@article{mcwilliams2021oceanic,
  title={Oceanic frontogenesis},
  author={McWilliams, James C},
  journal={Annual Review of Marine Science},
  volume={13},
  pages={227--253},
  year={2021},
  publisher={Annual Reviews},
  doi={10.1146/annurev-marine-032320-120725}
}
@article{umlauf2003generic,
  title={A generic length-scale equation for geophysical turbulence models},
  author={Umlauf, Lars and Burchard, Hans},
  journal={Journal of Marine Research},
  volume={61},
  number={2},
  pages={235--265},
  year={2003},
  publisher={Sears Foundation for Marine Research}
}
@article{simpson1990tidal,
  title={Tidal straining, density currents, and stirring in the control of estuarine stratification},
  author={Simpson, John H and Brown, Juan and Matthews, John and Allen, Graham},
  journal={Estuaries},
  volume={13},
  pages={125--132},
  year={1990},
  publisher={Springer}
}
@article{wu2010advection,
  title={Advection scheme with 3rd high-order spatial interpolation at the middle temporal level and its application to saltwater intrusion in the Changjiang Estuary},
  author={Wu, Hui and Zhu, Jianrong},
  journal={Ocean Modelling},
  volume={33},
  number={1-2},
  pages={33--51},
  year={2010},
  publisher={Elsevier},
  doi={10.1016/j.ocemod.2009.12.001}
}
@article{wu2023evaluation,
  title={Evaluation on the tracer simulation under different advection schemes in the ocean model},
  author={Wu, Hui},
  journal={Anthropocene Coasts},
  volume={6},
  number={1},
  pages={1},
  year={2023},
  publisher={Springer}
}
@article{smolarkiewicz1984fully,
  title={A fully multidimensional positive definite advection transport algorithm with small implicit diffusion},
  author={Smolarkiewicz, Piotr K},
  journal={Journal of Computational Physics},
  volume={54},
  number={2},
  pages={325--362},
  year={1984},
  publisher={Elsevier},
  doi={10.1016/0021-9991(84)90121-9}
}
@article{zhang2018study,
  title={A study of baroclinic instability induced convergence near the bottom using water age simulations},
  author={Zhang, Wenxia and Hetland, Robert D},
  journal={Journal of Geophysical Research: Oceans},
  volume={123},
  number={3},
  pages={1962--1977},
  year={2018},
  publisher={Wiley Online Library},
  doi={10.1002/2017JC013561}
}
@article{megann2022assessment,
  title={Assessment of the z~ time-filtered arbitrary Lagrangian-Eulerian coordinate in a global eddy-permitting ocean model},
  author={Megann, Alex and Chanut, J{\'e}r{\^o}me and Storkey, David},
  journal={Journal of Advances in Modeling Earth Systems},
  volume={14},
  number={11},
  pages={e2022MS003056},
  year={2022},
  publisher={Wiley Online Library},
  doi={10.1029/2022MS003056}
}
@article{thornber2007implicit,
  title={On the implicit large eddy simulations of homogeneous decaying turbulence},
  author={Thornber, Ben and Mosedale, Andrew and Drikakis, Dimitris},
  journal={Journal of Computational Physics},
  volume={226},
  number={2},
  pages={1902--1929},
  year={2007},
  publisher={Elsevier},
  doi={10.1016/j.jcp.2007.06.030}
}
@article{domaradzki2003effective,
  title={Effective eddy viscosities in implicit large eddy simulations of turbulent flows},
  author={Domaradzki, J Andrzej and Xiao, Z and Smolarkiewicz, Piotr K},
  journal={Physics of Fluids},
  volume={15},
  number={12},
  pages={3890--3893},
  year={2003},
  publisher={American Institute of Physics},
  doi={10.1063/1.1624610}
}
@article{taylor2023submesoscale,
  title={Submesoscale dynamics in the upper ocean},
  author={Taylor, John R and Thompson, Andrew F},
  journal={Annual Review of Fluid Mechanics},
  volume={55},
  pages={103--127},
  year={2023},
  publisher={Annual Reviews},
  doi = {10.1146/annurev-fluid-031422-095147}
}
@article{su2018ocean,
  title={Ocean submesoscales as a key component of the global heat budget},
  author={Su, Zhan and Wang, Jinbo and Klein, Patrice and Thompson, Andrew F and Menemenlis, Dimitris},
  journal={Nature communications},
  volume={9},
  number={1},
  pages={775},
  year={2018},
  publisher={Nature Publishing Group UK London},
  doi={10.1038/s41467-018-02983-w}
}
@article{ruiz2019effects,
  title={Effects of oceanic mesoscale and submesoscale frontal processes on the vertical transport of phytoplankton},
  author={Ruiz, Sim{\'o}n and Claret, Mariona and Pascual, Ananda and Olita, Antonio and Troupin, Charles and Capet, Arthur and Tovar-S{\'a}nchez, Antonio and Allen, John and Poulain, Pierre-Marie and Tintor{\'e}, Joaqu{\'\i}n and others},
  journal={Journal of Geophysical Research: Oceans},
  volume={124},
  number={8},
  pages={5999--6014},
  year={2019},
  publisher={Wiley Online Library},
  doi={10.1029/2019JC015034}
}
@article{de2004mixed,
  title={Mixed layer depth over the global ocean: An examination of profile data and a profile-based climatology},
  author={de Boyer Mont{\'e}gut, Cl{\'e}ment and Madec, Gurvan and Fischer, Albert S and Lazar, Alban and Iudicone, Daniele},
  journal={Journal of Geophysical Research: Oceans},
  volume={109},
  number={C12},
  year={2004},
  publisher={Wiley Online Library},
  doi={10.1029/2004JC002378}
}
@article{thomson2003estimating,
  title={Estimating mixed layer depth from oceanic profile data},
  author={Thomson, Richard E and Fine, Isaac V},
  journal={Journal of Atmospheric and Oceanic Technology},
  volume={20},
  number={2},
  pages={319--329},
  year={2003},
  publisher={American Meteorological Society},
  doi={10.1175/1520-0426(2003)020<0319:EMLDFO>2.0.CO;2}
}
@article{brink2016continental2,
  title={Continental shelf baroclinic instability. {Part} {II}: Oscillating wind forcing},
  author={Brink, KH and Seo, H},
  journal={Journal of Physical Oceanography},
  volume={46},
  number={2},
  pages={569--582},
  year={2016},
  publisher={American Meteorological Society},
  doi={10.1175/JPO-D-15-0048.1}
}
@article{brink2016continental1,
  title={Continental shelf baroclinic instability. {Part} {I}: Relaxation from upwelling or downwelling},
  author={Brink, KH},
  journal={Journal of Physical Oceanography},
  volume={46},
  number={2},
  pages={551--568},
  year={2016},
  publisher={American Meteorological Society},
  doi={10.1175/JPO-D-15-0047.1}
}
@article{fofonova2021plume,
  title={Plume spreading test case for coastal ocean models},
  author={Fofonova, Vera and K{\"a}rn{\"a}, Tuomas and Klingbeil, Knut and Androsov, Alexey and Kuznetsov, Ivan and Sidorenko, Dmitry and Danilov, Sergey and Burchard, Hans and Wiltshire, Karen Helen},
  journal={Geoscientific Model Development},
  volume={14},
  number={11},
  pages={6945--6975},
  year={2021},
  publisher={Copernicus Publications G{\"o}ttingen, Germany},
  doi={10.5194/gmd-14-6945-2021, 2021}
}
@book{burchard2002getm,
  title={GETM: A general estuarine transport model; Scientific documentation},
  author={Burchard, Hans and Bolding, Karsten},
  year={2002},
  publisher={European Commission, Joint Research Centre, Institute for Environment and~…}
}
@article{harten1997high,
  title={High resolution schemes for hyperbolic conservation laws},
  author={Harten, Ami},
  journal={Journal of computational physics},
  volume={135},
  number={2},
  pages={260--278},
  year={1997},
  publisher={Elsevier},
  doi={doi.org/10.1006/jcph.1997.5713}
}
@article{roe1985some,
  title={Some contributions to the modelling of discontinuous flows},
  author={Roe, Philip L},
  journal={Large-scale computations in fluid mechanics},
  pages={163--193},
  year={1985}

}
@article{danilov2017finite,
  title={The finite-volume sea ice--ocean model (fesom2)},
  author={Danilov, Sergey and Sidorenko, Dmitry and Wang, Qiang and Jung, Thomas},
  journal={Geoscientific Model Development},
  volume={10},
  number={2},
  pages={765--789},
  year={2017},
  publisher={Copernicus GmbH},
  doi={doi.org/10.5194/gmd-10-765-2017}
}
@techreport{hunke2017cice,
  title={CICE, the Los Alamos sea ice model},
  author={Hunke, Elizabeth and Lipscomb, William and Jones, Philip and Turner, Adrian and Jeffery, Nicole and Elliott, Scott},
  year={2017},
  institution={Los Alamos National Lab.(LANL), Los Alamos, NM (United States)}
}
@article{naughten2017spurious,
  title={Spurious sea ice formation caused by oscillatory ocean tracer advection schemes},
  author={Naughten, Kaitlin A and Galton-Fenzi, Benjamin K and Meissner, Katrin J and England, Matthew H and Brassington, Gary B and Colberg, Frank and Hattermann, Tore and Debernard, Jens B},
  journal={Ocean Modelling},
  volume={116},
  pages={108--117},
  year={2017},
  publisher={Elsevier},
  doi= {10.1016/j.ocemod.2017.06.010}
}
@article{sweby1984high,
  title={High resolution schemes using flux limiters for hyperbolic conservation laws},
  author={Sweby, Peter K},
  journal={SIAM journal on numerical analysis},
  volume={21},
  number={5},
  pages={995--1011},
  year={1984},
  publisher={SIAM},
  doi={10.1137/0721062}
}
@techreport{leonard1993positivity,
  title={Positivity-preserving numerical schemes for multidimensional advection},
  author={Leonard, BP and MacVean, MK and Lock, AP},
  year={1993},
  institution={NASA}
}
@article{roman2010large,
  title={Large eddy simulation of mixing in coastal areas},
  author={Roman, Federico and Stipcich, Goran and Armenio, Vincenzo and Inghilesi, Roberto and Corsini, Stefano},
  journal={International Journal of Heat and Fluid Flow},
  volume={31},
  number={3},
  pages={327--341},
  year={2010},
  publisher={Elsevier},
  doi={10.1016/j.ijheatfluidflow.2010.02.00}
}
@article{boccaletti2007mixed,
  title={Mixed layer instabilities and restratification},
  author={Boccaletti, Giulio and Ferrari, Raffaele and Fox-Kemper, Baylor},
  journal={Journal of Physical Oceanography},
  volume={37},
  number={9},
  pages={2228--2250},
  year={2007},
  doi={10.1175/JPO3101.1}
}
@article{balwada2021vertical,
  title={Vertical fluxes conditioned on vorticity and strain reveal submesoscale ventilation},
  author={Balwada, Dhruv and Xiao, Qiyu and Smith, Shafer and Abernathey, Ryan and Gray, Alison R},
  journal={Journal of Physical Oceanography},
  volume={51},
  number={9},
  pages={2883--2901},
  year={2021},
  doi={10.1175/JPO-D-21-0016.1}
}
@article{mcwilliams2019survey,
  title={A survey of submesoscale currents},
  author={McWilliams, James C},
  journal={Geoscience Letters},
  volume={6},
  number={1},
  pages={1--15},
  year={2019},
  publisher={SpringerOpen},
  doi={10.1186/s40562-019-0133-3}
}
@book{cushman2011introduction,
  title={Introduction to geophysical fluid dynamics: physical and numerical aspects},
  author={Cushman-Roisin, Benoit and Beckers, Jean-Marie},
  year={2011},
  publisher={Academic press}
}
@article{karna2016evaluation,
  title={Evaluation of a long-term hindcast simulation for the Columbia River estuary},
  author={K{\"a}rn{\"a}, Tuomas and Baptista, Ant{\'o}nio M},
  journal={Ocean Modelling},
  volume={99},
  pages={1--14},
  year={2016},
  publisher={Elsevier},
  doi={10.1016/j.ocemod.2015.12.007}
}
@article{dong2021scale,
  title={The scale and activity of symmetric instability estimated from a global submesoscale-permitting ocean model},
  author={Dong, Jihai and Fox-Kemper, Baylor and Zhang, Hong and Dong, Changming},
  journal={Journal of Physical Oceanography},
  volume={51},
  number={5},
  pages={1655--1670},
  year={2021},
  doi={10.1175/JPO-D-20-0159.1}
}
@article{ringler2013multi,
  title={A multi-resolution approach to global ocean modeling},
  author={Ringler, Todd and Petersen, Mark and Higdon, Robert L and Jacobsen, Doug and Jones, Philip W and Maltrud, Mathew},
  journal={Ocean Modelling},
  volume={69},
  pages={211--232},
  year={2013},
  publisher={Elsevier},
  doi = {10.1016/j.ocemod.2013.04.010}
}
@article{golaz2022doe,
  title={The {DOE} {E3SM} Model Version 2: Overview of the physical model and initial model evaluation},
  author={Golaz, Jean-Christophe and Van Roekel, Luke P and Zheng, Xue and Roberts, Andrew F and Wolfe, Jonathan D and Lin, Wuyin and Bradley, Andrew M and Tang, Qi and Maltrud, Mathew E and Forsyth, Ryan M and others},
  journal={Journal of Advances in Modeling Earth Systems},
  volume={14},
  number={12},
  pages={e2022MS003156},
  year={2022},
  publisher={Wiley Online Library},
  doi={10.1029/2022MS003156}
}
@article{caldwell2019doe,
  title={The {DOE E3SM} coupled model version 1: Description and results at high resolution},
  author={Caldwell, Peter M and Mametjanov, Azamat and Tang, Qi and Van Roekel, Luke P and Golaz, Jean-Christophe and Lin, Wuyin and Bader, David C and Keen, Noel D and Feng, Yan and Jacob, Robert and others},
  journal={Journal of Advances in Modeling Earth Systems},
  volume={11},
  number={12},
  pages={4095--4146},
  year={2019},
  publisher={Wiley Online Library},
  doi={10.1029/2019MS001870}
}
@article{hoch2020mpas,
  title={{MPAS-Ocean} simulation quality for variable-resolution North American coastal meshes},
  author={Hoch, Kristin E and Petersen, Mark R and Brus, Steven R and Engwirda, Darren and Roberts, Andrew F and Rosa, Kevin L and Wolfram, Phillip J},
  journal={Journal of Advances in Modeling Earth Systems},
  volume={12},
  number={3},
  pages={e2019MS001848},
  year={2020},
  publisher={Wiley Online Library},
  doi={10.1029/2019MS001848}
}
@article{stewart2020jra55,
  title={{JRA55}-do-based repeat year forcing datasets for driving ocean--sea-ice models},
  author={Stewart, K.D. and Kim, W.M. and Urakawa, S. and Hogg, A. and Yeager, S. and Tsujino, H. and Nakano, H. and Kiss, A.E. and Danabasoglu, G.},
  journal={Ocean Modelling},
  volume={147},
  pages={101557},
  year={2020},
  publisher={Elsevier},
  doi = {10.1016/j.ocemod.2019.101557}
}
@article{large1994oceanic,
  title={Oceanic vertical mixing: A review and a model with a nonlocal boundary layer parameterization},
  author={Large, William G and McWilliams, James C and Doney, Scott C},
  journal={Reviews of geophysics},
  volume={32},
  number={4},
  pages={363--403},
  year={1994},
  publisher={Wiley Online Library}
}
@article{bianchi2010science,
  title={The science of hypoxia in the Northern {Gulf} of {Mexico}: A review},
  author={Bianchi, Thomas S and DiMarco, Steven F and Cowan Jr, JH and Hetland, Robert D and Chapman, P and Day, JW and Allison, MA},
  journal={Science of the Total Environment},
  volume={408},
  number={7},
  pages={1471--1484},
  year={2010},
  publisher={Elsevier},
  url = {10.1016/j.scitotenv.2009.11.047}
}
@book{RN23,
   author = {Pörtner, H.-O. and Roberts, D.C. and Adams, H. and Adelekan, I. and Adler, C. and Adrian, R. and Aldunce, P. and Ali, E. and Begum, R. Ara and Friedl, B. Bednar- and Kerr, R. Bezner and Biesbroek, R. and Birkmann, J. and Bowen, K. and Caretta, M.A. and Carnicer, J. and Castellanos, E. and Cheong, T.S. and Chow, W. and G. Cissé, G. Cissé and Ibrahim, Z. Zaiton},
   title = {Climate Change 2022: Impacts, Adaptation and Vulnerability},
   publisher = {Cambridge University Press},
   address = {Cambridge, UK and New York, USA},
   series = {Technical Summary},
   pages = {37-118},
   ISBN = {9781009325844},
   year = {2022},
   type = {Book},
   doi = {10.1017/9781009325844.002}
}
@article{ruiz2021small,
  title={Small-scale variability of bottom oxygen in the northern {Gulf} of {Mexico}},
  author={Ruiz Xomchuk, Veronica and Hetland, Robert D and Qu, Lixin},
  journal={Journal of Geophysical Research: Oceans},
  volume={126},
  number={1},
  pages={e2020JC016279},
  year={2021},
  publisher={Wiley Online Library}
}
@article{engwirda2017jigsaw,
  title={{JIGSAW-GEO} (1.0): Locally orthogonal staggered unstructured grid generation for general circulation modelling on the sphere},
  author={Engwirda, Darren},
  journal={Geoscientific Model Development},
  volume={10},
  number={6},
  pages={2117--2140},
  year={2017},
  publisher={Copernicus GmbH}
}
@article{petersen2015evaluation,
  title={Evaluation of the arbitrary {Lagrangian--Eulerian} vertical coordinate method in the {MPAS-Ocean} model},
  author={Petersen, Mark R and Jacobsen, Douglas W and Ringler, Todd D and Hecht, Matthew W and Maltrud, Mathew E},
  journal={Ocean Modelling},
  volume={86},
  pages={93--113},
  year={2015},
  publisher={Elsevier},
  doi={10.1016/j.ocemod.2014.12.004}
}
@techreport{petersen2018mpas,
  title={{MPAS-Ocean} model user's guide version 6.0},
  author={Petersen, Mark Roger and Asay-Davis, Xylar Storm and Jacobsen, Douglas William and Maltrud, Mathew Einar and Ringler, Todd Darwin and Van Roekel, Luke and Veneziani, Carmela and Wolfram Jr, Phillip Justin},
  year={2018},
  institution={Los Alamos National Laboratory (LANL), Los Alamos, NM (United States)}
}
@article{ringler2010unified,
  title={A unified approach to energy conservation and potential vorticity dynamics for arbitrarily-structured C-grids},
  author={Ringler, Todd D and Thuburn, John and Klemp, Joseph B and Skamarock, William C},
  journal={Journal of Computational Physics},
  volume={229},
  number={9},
  pages={3065--3090},
  year={2010},
  publisher={Elsevier},
  doi={doi.org/10.1029/2019MS001954}
}
@article{griffies2020primer,
  title={A primer on the vertical {Lagrangian}-remap method in ocean models based on finite volume generalized vertical coordinates},
  author={Griffies, Stephen M and Adcroft, Alistair and Hallberg, Robert W},
  journal={Journal of Advances in Modeling Earth Systems},
  volume={12},
  number={10},
  pages={e2019MS001954},
  year={2020},
  publisher={Wiley Online Library}
}
@article{skamarock2011conservative,
  title={Conservative transport schemes for spherical geodesic grids: High-order flux operators for ODE-based time integration},
  author={Skamarock, William C and Gassmann, Almut},
  journal={Monthly Weather Review},
  volume={139},
  number={9},
  pages={2962--2975},
  year={2011},
  publisher={American Meteorological Society},
  doi={10.1175/MWR-D-10-05056.1}
}
@article{van2018kpp,
  title={The {KPP} boundary layer scheme for the ocean: Revisiting its formulation and benchmarking one-dimensional simulations relative to {LES}},
  author={Van Roekel, Luke and Adcroft, Alistair J and Danabasoglu, Gokhan and Griffies, Stephen M and Kauffman, Brian and Large, William and Levy, Michael and Reichl, Brandon G and Ringler, Todd and Schmidt, Martin},
  journal={Journal of Advances in Modeling Earth Systems},
  volume={10},
  number={11},
  pages={2647--2685},
  year={2018},
  publisher={Wiley Online Library},
  doi={10.1029/2018MS001336}
}
@techreport{burchard1999gotm,
    author = {Burchard, H and Bolding, K and Villarreal, MR},
    title = {{GOTM}, a General Ocean Turbulence Model: Theory},
    institution = {ch. Rep. EUR 18745 EN, European Commission},
    year = {1999}
}
@article{barton2022global,
  title={Global barotropic tide modeling using inline self-attraction and loading in {MPAS-Ocean}},
  author={Barton, Kristin N and Pal, Nairita and Brus, Steven R and Petersen, Mark R and Arbic, Brian K and Engwirda, Darren and Roberts, Andrew F and Westerink, Joannes J and Wirasaet, Damrongsak and Schindelegger, Michael},
  journal={Journal of Advances in Modeling Earth Systems},
  volume={14},
  number={11},
  pages={e2022MS003207},
  year={2022},
  publisher={Wiley Online Library},
  doi={10.1029/2022MS003207}
}
@article{kobayashi2015jra,
  title={The {JRA-55} reanalysis: General specifications and basic characteristics},
  author={Kobayashi, Shinya and Ota, Yukinari and Harada, Yayoi and Ebita, Ayataka and Moriya, Masami and Onoda, Hirokatsu and Onogi, Kazutoshi and Kamahori, Hirotaka and Kobayashi, Chiaki and Endo, Hirokazu and others},
  journal={Journal of the Meteorological Society of Japan. Ser. II},
  volume={93},
  number={1},
  pages={5--48},
  year={2015},
  publisher={Meteorological Society of Japan},
  doi={10.2151/jmsj.2015-001}
}
@article{oey2005loop,
  title={Loop {Current}, rings and related circulation in the {Gulf} of {Mexico}: A review of numerical models and future challenges},
  author={Oey, L and Ezer, T and Lee, H},
  journal={Geophysical Monograph-American Geophysical Union},
  volume={161},
  pages={31},
  year={2005},
  publisher={AGU American Geophysical Union},
  doi={10.1029/161GM04}
}
@article{richardson2005caribbean,
  title={Caribbean {Current} and eddies as observed by surface drifters},
  author={Richardson, Philip L},
  journal={Deep Sea Research Part II: Topical Studies in Oceanography},
  volume={52},
  number={3-4},
  pages={429--463},
  year={2005},
  publisher={Elsevier},
  doi={10.1016/j.dsr2.2004.11.001}
}
@article{trenberth2001estimates,
  title={Estimates of meridional atmosphere and ocean heat transports},
  author={Trenberth, Kevin E and Caron, Julie M},
  journal={Journal of Climate},
  volume={14},
  number={16},
  pages={3433--3443},
  year={2001},
  doi={10.1175/1520-0442(2001)014<3433:EOMAAO>2.0.CO;2}
}
@article{turner2022mpas,
  title={{MPAS-Seaice} (v1. 0.0): sea-ice dynamics on unstructured Voronoi meshes},
  author={Turner, Adrian K and Lipscomb, William H and Hunke, Elizabeth C and Jeffery, Nicole and Engwirda, Darren and Ringler, Todd D and Wolfe, Jonathan D and others},
  journal={Geoscientific Model Development},
  volume={15},
  number={9},
  pages={3721--3751},
  year={2022},
  publisher={Copernicus GmbH},
  doi={10.5194/gmd-15-3721-2022}
}
@article{petersen2019evaluation,
  title={An evaluation of the ocean and sea ice climate of {E3SM} using {MPAS} and interannual {CORE-II} forcing},
  author={Petersen, Mark R and Asay-Davis, Xylar S and Berres, Anne S and Chen, Qingshan and Feige, Nils and Hoffman, Matthew J and Jacobsen, Douglas W and Jones, Philip W and Maltrud, Mathew E and Price, Stephen F and others},
  journal={Journal of Advances in Modeling Earth Systems},
  volume={11},
  number={5},
  pages={1438--1458},
  year={2019},
  publisher={Wiley Online Library},
  doi={10.1029/2018MS001373}
}
@article{forrest2011multivariable,
  title={Multivariable statistical regression models of the areal extent of hypoxia over the {Texas--Louisiana} continental shelf},
  author={Forrest, David R and Hetland, Robert D and DiMarco, Steven F},
  journal={Environmental Research Letters},
  volume={6},
  number={4},
  pages={045002},
  year={2011},
  publisher={IOP Publishing},
  doi={10.1088/1748-9326/6/4/045002}
}
@article{bracco2019mesoscale,
  title={Mesoscale-submesoscale interactions in the {Gulf} of {Mexico}: From oil dispersion to climate},
  author={Bracco, Annalisa and Liu, Guangpeng and Sun, Daoxun},
  journal={Chaos, Solitons \& Fractals},
  volume={119},
  pages={63--72},
  year={2019},
  publisher={Elsevier},
  doi={10.1016/j.chaos.2018.12.012}
}
@article{callies2015seasonality,
  title={Seasonality in submesoscale turbulence},
  author={Callies, J{\"o}rn and Ferrari, Raffaele and Klymak, Jody M and Gula, Jonathan},
  journal={Nature communications},
  volume={6},
  number={1},
  pages={6862},
  year={2015},
  publisher={Nature Publishing Group UK London},
  doi={10.1038/ncomms7862}
}
@article{wang2021structure,
  title={Structure of submesoscale fronts of the Mississippi River plume},
  author={Wang, Tao and Barkan, Roy and McWilliams, James C and Molemaker, M Jeroen},
  journal={Journal of Physical Oceanography},
  volume={51},
  number={4},
  pages={1113--1131},
  year={2021},
  doi={10.1175/JPO-D-20-0191.1}
}
@article{liu2021submesoscale,
  title={Submesoscale mixing across the mixed layer in the {Gulf} of {Mexico}},
  author={Liu, Guangpeng and Bracco, Annalisa and Sitar, Alexandra},
  journal={Frontiers in Marine Science},
  volume={8},
  pages={615066},
  year={2021},
  publisher={Frontiers Media SA},
  doi={10.3389/fmars.2021.615066}
}
@article{thyng2018seasonal,
  title={Seasonal and interannual cross-shelf transport over the Texas and Louisiana continental shelf},
  author={Thyng, Kristen M and Hetland, Robert D},
  journal={Continental Shelf Research},
  volume={160},
  pages={23--35},
  year={2018},
  publisher={Elsevier},
  doi={10.1016/j.csr.2018.03.006}
}
@book{hetland2012integrated,
  title={Integrated Bio-physical Modeling of the Louisiana-Texas (LATEX) Shelf},
  author={Hetland, Robert D},
  year={2012},
  publisher={US Department of the Interior, Bureau of Ocean Energy Management, {Gulf} of {Mexico}}
}
@article{lilly2023storm,
  title={Storm Surge Modeling as an Application of Local Time-Stepping in {MPAS-Ocean}},
  author={Lilly, Jeremy R and Capodaglio, Giacomo and Petersen, Mark R and Brus, Steven R and Engwirda, Darren and Higdon, Robert L},
  journal={Journal of Advances in Modeling Earth Systems},
  volume={15},
  number={1},
  pages={e2022MS003327},
  year={2023},
  publisher={Wiley Online Library},
  doi={10.1029/2022MS003327}
}
@article{dukhovskoy2021development,
  title={Development of the {CSOMIO} coupled ocean-oil-sediment-biology model},
  author={Dukhovskoy, Dmitry S and Morey, Steven L and Chassignet, Eric P and Chen, Xu and Coles, Victoria J and Cui, Linlin and Harris, Courtney K and Hetland, Robert and Hsu, Tian-Jian and Manning, Andrew J and others},
  journal={Frontiers in Marine Science},
  volume={8},
  pages={629299},
  year={2021},
  publisher={Frontiers Media SA},
  doi = {10.3389/fmars.2021.629299}
}
@article{pope2001turbulent,
  title={Turbulent flows},
  author={Pope, Stephen B},
  journal={Measurement Science and Technology},
  volume={12},
  number={11},
  pages={2020--2021},
  year={2001},
  doi={10.1088/0957-0233/12/11/705}
}
@article{zhang2014wind,
  title={Wind-modulated buoyancy circulation over the {Texas-Louisiana} shelf},
  author={Zhang, Zhaoru and Hetland, Robert and Zhang, Xiaoqian},
  journal={Journal of Geophysical Research: Oceans},
  volume={119},
  number={9},
  pages={5705--5723},
  year={2014},
  publisher={Wiley Online Library},
  doi = {10.1002/2013JC009763}
}
@article{fox2008parameterization,
  title={Parameterization of mixed layer eddies. Part {I}: Theory and diagnosis},
  author={Fox-Kemper, Baylor and Ferrari, Raffaele and Hallberg, Robert},
  journal={Journal of Physical Oceanography},
  volume={38},
  number={6},
  pages={1145--1165},
  year={2008},
  publisher={American Meteorological Society},
  doi = {10.1175/2007JPO3792.1}
}
@article{fox2014principles,
  title={Principles and advances in subgrid modelling for eddy-rich simulations},
  author={Fox-Kemper, Baylor and Bachman, S and Pearson, B and Reckinger, S},
  journal={Clivar Exchanges},
  volume={19},
  number={2},
  pages={42--46},
  year={2014}
}
@article{ringler2008multiresolution,
  title={A multiresolution method for climate system modeling: Application of spherical centroidal Voronoi tessellations},
  author={Ringler, Todd and Ju, Lili and Gunzburger, Max},
  journal={Ocean Dynamics},
  volume={58},
  pages={475--498},
  year={2008},
  publisher={Springer},
  doi = {10.1007/s10236-008-0157-2}
}
@article{tang2023fully,
  title={The fully coupled regionally refined model of E3SM version 2: overview of the atmosphere, land, and river results},
  author={Tang, Qi and Golaz, Jean-Christophe and Van Roekel, Luke P and Taylor, Mark A and Lin, Wuyin and Hillman, Benjamin R and Ullrich, Paul A and Bradley, Andrew M and Guba, Oksana and Wolfe, Jonathan D and others},
  journal={Geoscientific Model Development},
  volume={16},
  number={13},
  pages={3953--3995},
  year={2023},
  publisher={Copernicus Publications G{\"o}ttingen, Germany},
  doi = {10.5194/gmd-16-3953-2023}
}
@article{danabasoglu2020community,
  title={The community earth system model version 2 ({CESM2})},
  author={Danabasoglu, Gokhan and Lamarque, J-F and Bacmeister, J and Bailey, DA and DuVivier, AK and Edwards, Jim and Emmons, LK and Fasullo, John and Garcia, R and Gettelman, Andrew and others},
  journal={Journal of Advances in Modeling Earth Systems},
  volume={12},
  number={2},
  pages={e2019MS001916},
  year={2020},
  publisher={Wiley Online Library},
  doi = {10.1029/2019MS001916}
}
@article{ferrari2009ocean,
  title={Ocean circulation kinetic energy: Reservoirs, sources, and sinks},
  author={Ferrari, Raffaele and Wunsch, Carl},
  journal={Annual Review of Fluid Mechanics},
  volume={41},
  pages={253--282},
  year={2009},
  publisher={Annual Reviews},
  doi = {10.1146/annurev.fluid.40.111406.102139}
}
@article{golaz2019doe,
  title={The {DOE E3SM} coupled model version 1: Overview and evaluation at standard resolution},
  author={Golaz, Jean-Christophe and Caldwell, Peter M and Van Roekel, Luke P and Petersen, Mark R and Tang, Qi and Wolfe, Jonathan D and Abeshu, Guta and Anantharaj, Valentine and Asay-Davis, Xylar S and Bader, David C and others},
  journal={Journal of Advances in Modeling Earth Systems},
  volume={11},
  number={7},
  pages={2089--2129},
  year={2019},
  publisher={Wiley Online Library},
  doi={10.1029/2018MS001603}
}
@article{johns2002atlantic,
  title={On the {Atlantic} inflow to the {Caribbean Sea}},
  author={Johns, William E and Townsend, Tamara L and Fratantoni, David M and Wilson, W Douglas},
  journal={Deep sea research part I: Oceanographic research papers},
  volume={49},
  number={2},
  pages={211--243},
  year={2002},
  publisher={Elsevier},
  doi = {10.1016/S0967-0637(01)00041-3}
}